<collection xmlns="http://www.loc.gov/MARC21/slim">
<record>
  <leader>01335nam0a2200217 i 450 </leader>
  <controlfield tag="001">IT\ICCU\CNCE\041996</controlfield>
  <controlfield tag="005">20070711000000.0</controlfield>
  <datafield tag="012" ind1=" " ind2=" ">
    <subfield code="a">masa teua o.ce ChDa (C) 1521 (R)</subfield>
    <subfield code="2">fei</subfield>
  </datafield>
  <datafield tag="100" ind1=" " ind2=" ">
    <subfield code="a">19981203d1521        0itac0103    ba</subfield>
  </datafield>
  <datafield tag="101" ind1=" " ind2=" ">
    <subfield code="a">ITA</subfield>
  </datafield>
  <datafield tag="102" ind1=" " ind2=" ">
    <subfield code="a">IT</subfield>
  </datafield>
  <datafield tag="200" ind1="1" ind2=" ">
    <subfield code="a">Fioretto de cose noue nobilissime &amp; degne de diuersi auttori nouiter stampate e uno capitulo azonto nouamente contra de quello melasaratumo\!! cioe: sonetti, capitoli, epistole, egloge \!!, disperate, strambotti, barzellette. Et una contra disperata</subfield>
  </datafield>
  <datafield tag="210" ind1=" " ind2=" ">
    <subfield code="e">Impressa in Venetia</subfield>
    <subfield code="g">per Nicolo ditto el Zopino e Vincenzo compagno</subfield>
    <subfield code="h">1521 adi XII di febraro</subfield>
  </datafield>
  <datafield tag="215" ind1=" " ind2=" ">
    <subfield code="a">\48! c.</subfield>
    <subfield code="d">8ʻ</subfield>
  </datafield>
  <datafield tag="620" ind1=" " ind2=" ">
    <subfield code="a">IT</subfield>
    <subfield code="d">Venezia</subfield>
  </datafield>
  <datafield tag="712" ind1="0" ind2="0">
    <subfield code="a">Zoppino, Niccol ̣&amp; Vincenzo di Paolo</subfield>
    <subfield code="3">IT\ICCU\CNCT\000070</subfield>
    <subfield code="4">650</subfield>
  </datafield>
  <datafield tag="791" ind1="0" ind2="2">
    <subfield code="a">Vincenzo di Paolo</subfield>
    <subfield code="3">IT\ICCU\CNCT\000071</subfield>
    <subfield code="z">Zoppino, Niccol ̣&amp; Vincenzo di Paolo</subfield>
  </datafield>
  <datafield tag="801" ind1=" " ind2="3">
    <subfield code="a">IT</subfield>
    <subfield code="b">ICCU</subfield>
    <subfield code="c">20201114</subfield>
  </datafield>
  <datafield tag="899" ind1=" " ind2=" ">
    <subfield code="a">Biblioteca nazionale Vittorio Emanuele III. Napoli</subfield>
    <subfield code="1">NA0079</subfield>
    <subfield code="2">NAP BN</subfield>
  </datafield>
  <datafield tag="911" ind1=" " ind2=" ">
    <subfield code="a">Nel verso del colophon</subfield>
    <subfield code="9">IT\ICCU\CNCM\000690</subfield>
  </datafield>
  <datafield tag="921" ind1=" " ind2=" ">
    <subfield code="a">IT\ICCU\CNCM\000690</subfield>
    <subfield code="b">S. Nicola seduto nella cattedra episcopale con la mitra, tiene la mano destra alzata e nell&apos;altra le tre palle d&apos;oro su libro. Ai lati  le iniziali N.Z.</subfield>
    <subfield code="c">A99</subfield>
    <subfield code="c">V531</subfield>
    <subfield code="c">Z896</subfield>
    <subfield code="d">Dimensioni: 5 x 5,4Con o senza i nomi NICOLO VICENTIO ai lati della figura</subfield>
    <subfield code="f">S. NICOLA</subfield>
    <subfield code="f">LIBRO</subfield>
    <subfield code="f">PALLE</subfield>
    <subfield code="g">1520-1536</subfield>
  </datafield>
</record>
</collection>
